@book{Feature-Oriented-Software-Product-Lines,
  doi = {10.1007/978-3-642-37521-7},
  url = {https://doi.org/10.1007/978-3-642-37521-7},
  year = {2013},
  publisher = {Springer Berlin Heidelberg},
  author = {Sven Apel and Don Batory and Christian K\"{a}stner and Gunter Saake},
  title = {Feature-Oriented Software Product Lines}
}

@book{Feature-Oriented-Software-Product-Lines-Feature-models,
  doi = {10.1007/978-3-642-37521-7},
  url = {https://doi.org/10.1007/978-3-642-37521-7},
  year = {2013},
  pages          = {26-36},
  publisher = {Springer Berlin Heidelberg},
  author = {Sven Apel and Don Batory and Christian K\"{a}stner and Gunter Saake},
  title = {Feature-Oriented Software Product Lines}
}

@TechReport{KangFeatureOrientedDomain1990,
  author      = {Kyo Kang and Sholom Cohen and James Hess and William Novak and A. Peterson},
  title       = {Feature-Oriented Domain Analysis (FODA) Feasibility Study},
  institution = {Software Engineering Institute, Carnegie Mellon University},
  year        = {1990},
  number      = {CMU/SEI-90-TR-021},
  address     = {Pittsburgh, PA},
  pages       = {35-37},
  url         = {http://resources.sei.cmu.edu/library/asset-view.cfm?AssetID=11231},
}

@Article{DBLP:journals/concurrency/GrebhahnRSGA17,
  author        = {Alexander Grebhahn and Carmen Rodrigo and Norbert Siegmund and Francisco Jos{\'{e}} Gaspar and Sven Apel},
  title         = {Performance-influence models of multigrid methods: {A} case study on triangular grids},
  journal       = {Concurr. Comput. Pract. Exp.},
  year          = {2017},
  volume        = {29},
  number        = {17},
  bibsource     = {dblp computer science bibliography, https://dblp.org},
  biburl        = {https://dblp.org/rec/journals/concurrency/GrebhahnRSGA17.bib},
  doi           = {10.1002/cpe.4057},
  timestamp     = {Mon, 02 Mar 2020 17:20:47 +0100},
  url           = {https://doi.org/10.1002/cpe.4057},
}